Zitat-Generator: "http://truben.no/latex/bibtex/" und nach ausfüllen oben rechts auf "Generate" klicken

%%%%%%%%%%%%%%%%%%%%%%%%%%%%%%%%%%%%%%%%%%%%%%%%%%%%%%%%%%%%%%%%%%%%%%
% Hauptquellen
%%%%%%%%%%%%%%%%%%%%%%%%%%%%%%%%%%%%%%%%%%%%%%%%%%%%%%%%%%%%%%%%%%%%%

% Diversität

% Diversitätsdefinition sichtbare und nichtsichtbare Element
    %häufig zitiert
@article{harrison1998beyond,
  title={Beyond relational demography: Time and the effects of surface-and deep-level diversity on work group cohesion},
  author={Harrison, David A and Price, Kenneth H and Bell, Myrtle P},
  journal={Academy of management journal},
  volume={41},
  number={1},
  pages={96--107},
  year={1998},
  publisher={Academy of Management}
}

% 3 Ebenen von Diverstiy Merkmalen
    %selten zitiert
@article{lapid1998diversity,
  title={Diversity and Organizational Change},
  author={Lapid-Bogda, Ginger and Simmons, GF},
  journal={ANNUAL-SAN DIEGO-PFEIFFER AND COMPANY-},
  volume={2},
  pages={187--196},
  year={1998}
}

@article{jackson2003recent,
  title={Recent research on team and organizational diversity: SWOT analysis and implications},
  author={Jackson, Susan E and Joshi, Aparna and Erhardt, Niclas L},
  journal={Journal of management},
  volume={29},
  number={6},
  pages={801--830},
  year={2003},
  publisher={Sage Publications}
}

@article{harrison2007s,
  title={What's the difference? Diversity constructs as separation, variety, or disparity in organizations},
  author={Harrison, David A and Klein, Katherine J},
  journal={Academy of Management Review},
  volume={32},
  number={4},
  pages={1199--1228},
  year={2007},
  publisher={Academy of Management}
}

@article{joshi2009role,
  title={The role of context in work team diversity research: A meta-analytic review},
  author={Joshi, Aparna and Roh, Hyuntak},
  journal={Academy of Management Journal},
  volume={52},
  number={3},
  pages={599--627},
  year={2009},
  publisher={Academy of Management}
}

@article{woolley2010evidence,
  title={Evidence for a collective intelligence factor in the performance of human groups},
  author={Woolley, Anita Williams and Chabris, Christopher F and Pentland, Alex and Hashmi, Nada and Malone, Thomas W},
  journal={science},
  volume={330},
  number={6004},
  pages={686--688},
  year={2010},
  publisher={American Association for the Advancement of Science}
}

% Diversity Kritik

%Diversity führt zu underperformance
@article{williams1998demography,
  title={Demography and diversity in organizations: A review of 40 years of research},
  author={Williams, Katherine Y and O'Reilly, Charles A},
  journal={RESEARCH IN ORGANIZATIONAL BEHAVIOR, VOL 20, 1998},
  volume={20},
  pages={77--140},
  year={1998},
  publisher={JAI Press Inc 100 PROSPECT STREET, STAMFORD, CT 06901-1640 USA}
}


@incollection{varela2010sinn,
  title={Un-Sinn: Postkoloniale Theorie und Diversity},
  author={Varela, Mar{\'\i}a do Mar Castro},
  booktitle={Differenzierung, Normalisierung, Andersheit},
  pages={249--262},
  year={2010},
  publisher={Springer}
}

% Computer mediated Communiation

% social identity deindividualation

@book{lea1992flaming,
  title={'Flaming'in computer-mediated communication: Observations, explanations, implications.},
  author={Lea, Martin and O'Shea, Tim and Fung, Pat and Spears, Russell},
  year={1992},
  publisher={Harvester Wheatsheaf}
}

@article{lea1992paralanguage,
  title={Paralanguage and social perception in computer-mediated communication},
  author={Lea, Martin and Spears, Russell},
  journal={Journal of Organizational Computing and Electronic Commerce},
  volume={2},
  number={3-4},
  pages={321--341},
  year={1992},
  publisher={Taylor \& Francis}
}

% Isolation des Kontexts durch CMC
@article{dey2001understanding,
  title={Understanding and using context},
  author={Day, Anind K},
  journal={Personal and ubiquitous computing},
  volume={5},
  number={1},
  pages={4--7},
  year={2001},
  publisher={Springer-Verlag}
}

@article{bordia1997face,
  title={Face-to-face versus computer-mediated communication: A synthesis of the experimental literature},
  author={Bordia, Prashant},
  journal={Journal of Business Communication},
  volume={34},
  number={1},
  pages={99--118},
  year={1997},
  publisher={Sage Publications}
}

@article{walther1996computer,
  title={Computer-mediated communication impersonal, interpersonal, and hyperpersonal interaction},
  author={Walther, Joseph B},
  journal={Communication research},
  volume={23},
  number={1},
  pages={3--43},
  year={1996},
  publisher={Sage Publications}
}

@article{joinson2001self,
  title={Self-disclosure in computer-mediated communication: The role of self-awareness and visual anonymity},
  author={Joinson, Adam N},
  journal={European Journal of Social Psychology},
  volume={31},
  number={2},
  pages={177--192},
  year={2001},
  publisher={Wiley Online Library}
}

@article{bargh2002can,
  title={Can you see the real me? Activation and expression of the “true self” on the Internet},
  author={Bargh, John A and McKenna, Katelyn YA and Fitzsimons, Grainne M},
  journal={Journal of social issues},
  volume={58},
  number={1},
  pages={33--48},
  year={2002},
  publisher={Wiley Online Library}
}

@article{suler2004online,
  title={The online disinhibition effect},
  author={Suler, John},
  journal={Cyberpsychology \& behavior},
  volume={7},
  number={3},
  pages={321--326},
  year={2004},
  publisher={Mary Ann Liebert, Inc.}
}

@article{michikyan2014can,
  title={Can you tell who I am? Neuroticism, extraversion, and online self-presentation among young adults},
  author={Michikyan, Minas and Subrahmanyam, Kaveri and Dennis, Jessica},
  journal={Computers in Human Behavior},
  volume={33},
  pages={179--183},
  year={2014},
  publisher={Elsevier}
}


% Wissenschaftliche Randartikel

%Forschung auf Zeitungsartikeln

@article{Rothmann201466,
title = "Creativity in strategic lock-ins: The newspaper industry and the digital revolution ",
journal = "Technological Forecasting and Social Change ",
volume = "83",
number = "0",
pages = "66 - 83",
year = "2014",
note = "",
issn = "0040-1625",
doi = "http://dx.doi.org/10.1016/j.techfore.2013.03.005",
%url = "http://www.sciencedirect.com/science/article/pii/S004016251300053X",
author = "Wasko Rothmann and Jochen Koch",
keywords = "Digital content",
keywords = "Media management",
keywords = "Newspaper crisis",
keywords = "Path dependence",
keywords = "Strategic creativity",
keywords = "Strategy process ",
abstract = "Abstract During the last decade newspapers all over the world have faced a severe and in many cases even existential crisis. At the same time, the technology for producing and supplying journalistic content has changed dramatically. While digitalization, along with socio-cultural and technological changes, threatened the established newspaper business models and therefore increased the necessity for change, it simultaneously offered various opportunities to establish new business models, not least for quality journalism, which is crucial to a vital democracy. Adopting a strategy process perspective and introducing the concepts of “horizontal” and “vertical” creativity, we analyze how the key players in the quality-newspaper sector in Germany have tried to benefit from digitalization and why they have failed so far. Our analysis of select cases shows that, under specific conditions, organizations tend to use up all their creative potential in order to maintain problematic strategies rather than explore new ones. "
}

@article{Mangematin20141,
title = "Disassembly and reassembly: An introduction to the Special Issue on digital technology and creative industries ",
journal = "Technological Forecasting and Social Change ",
volume = "83",
number = "0",
pages = "1 - 9",
year = "2014",
note = "",
issn = "0040-1625",
doi = "http://dx.doi.org/10.1016/j.techfore.2014.01.002",
%url = "http://www.sciencedirect.com/science/article/pii/S0040162514\-000134",
author = "Vincent Mangematin and Jonathan Sapsed and Elke Schüßler",
keywords = "Digital technology",
keywords = "Creative industries",
keywords = "Innovation",
keywords = "Business models",
keywords = "Institutional change",
keywords = "Institutional logics",
keywords = "Creative processes ",
abstract = "Abstract This Special Issue analyzes the dynamics of disassembly and reassembly unfolding in selected creative industries through the advent of digital technology. It argues that a full understanding of the much-observed organizational or sectoral lock-in effects on the one hand, and the possibilities for transformation and innovation on the other is only gained by analyzing jointly how institutional logics, business models and creative processes are affected by digital technology and how they interrelate in producing stability or change. These three dimensions provide a framework for reviewing the findings of the papers comprised in the Special Issue and for integrating their insights towards a research agenda. This introduction starts with a reflection on creative industries classification systems and related possibilities for generalization and discusses how digital technology acts as a driver for disassembly and reassembly. It concludes by highlighting three avenues for further research. "
}

@article{oiestad201454,
title = "Digitisation of publishing: Exploration based on existing business models ",
journal = "Technological Forecasting and Social Change ",
volume = "83",
number = "0",
pages = "54 - 65",
year = "2014",
note = "",
issn = "0040-1625",
doi = "http://dx.doi.org/10.1016/j.techfore.2013.01.010",
%url = "http://www.sciencedirect.com/science/article/pii/S0040162513000553",
author = "Sara Øiestad and Markus M. Bugge",
keywords = "Digitisation",
keywords = "Publishing industry",
keywords = "Innovation",
keywords = "Business model",
keywords = "Norway ",
abstract = "Abstract Like other creative industries, the book publishing industry is currently experiencing a shift from analogue to digital technologies and formats. This shift challenges existing business models and impels firms to re-examine their product portfolios and core competencies. Through a qualitative case study of the three largest publishing houses in Norway, Aschehoug, Cappelen Damm and Gyldendal, this paper investigates how digitisation affects business models in the book publishing industry. The paper argues that the publishing houses are two-faced in meeting new digital technologies. The industry has come relatively far in developing industry standards and joint distribution systems. However, the functionality and user experience of digital products is still poor, prices are still high, and the share of Norwegian language digital titles is low. In addition, knowledge acquisition from consumers and lead users are suboptimal. Due to divergence in goals, formats and markets, there is a lack of a common dominant design for digital publishing. This represents a substantial uncertainty for the publishers, who are moving step-by-step into the new digital era and whose exploration of new market opportunities and alternative business models remains anchored in traditional and analogue business models. The paper also discusses how current institutions contribute to preserve the analogue publishing regime. "
}




% qualitative Beobachtung
@incollection{ruso2007qualitative,
  title={Qualitative Beobachtung},
  author={Ruso, Bernhart},
  booktitle={Qualitative Marktforschung},
  pages={525--536},
  year={2007},
  publisher={Springer}
}


% Case Study
@article{eisenhardt1989building,
  title={Building theories from case study research},
  author={Eisenhardt, Kathleen M},
  journal={Academy of management review},
  volume={14},
  number={4},
  pages={532--550},
  year={1989},
  publisher={Academy of Management}
}

@book{yin2009case,
  title={Case study research: Design and methods},
  author={Yin, Robert K},
  volume={5},
  year={2009},
  publisher={Sage Publications}
}

% Diversity Management Definition
@online{gilbert1999dm,
  author = {Gilbert, J. and Stead, B and Ivancevich},
  title = {Diversity management: a new organizational paradigm},
  year = 1999,
   howpublished = {\url{http://www.armydiversity.army.mil/document/Diversity_Management_A_New_Organizational_Par
adigm.pdf}},
   note = {Stand: 05-04-2014}
}


% Diversität hat Einfluss auf Leistung
@article{ivancevich2000diversity,
  title={Diversity management time for a new approach},
  author={Ivancevich, John M and Gilbert, Jacqueline A},
  journal={Public personnel management},
  volume={29},
  number={1},
  pages={75--92},
  year={2000},
  publisher={SAGE Publications}
}


% Definition von Diversität, unterschied zu einem selbst

@article{van2004work,
  title={Work group diversity and group performance: an integrative model and research agenda.},
  author={Van Knippenberg, Daan and De Dreu, Carsten KW and Homan, Astrid C},
  journal={Journal of applied psychology},
  volume={89},
  number={6},
  pages={1008},
  year={2004},
  publisher={American Psychological Association}
}

% Synonyme von Diversity Management

@ARTICLE {ewoh2013,
    author  = "Ewoh, A.I.E.",
    title   = "Managing and Valuing Diversity: Challenges to Public Managers in  the 21st  Century",
    journal = "Public Personnel Management",
    year    = "2013",
    volume  = "42",
    number  = "2",
    pages   = "107-122"
}

% competitive advantage durch diversity managment

@article{beinrauch2012diversity,
  title={Diversity Management: A Source of Competitive Advantage?},
  author={Beinrauch, Richard},
  year={2012},
  journal={University of Applied Sciences Essen, Essen, Germany}
}

% diversity scharz weise Menschen
@article{ely2001cultural,
  title={Cultural diversity at work: The effects of diversity perspectives on work group processes and outcomes},
  author={Ely, Robin J and Thomas, David A},
  journal={Administrative Science Quarterly},
  volume={46},
  number={2},
  pages={229--273},
  year={2001},
  publisher={SAGE Publications}
}
% Zeitung Informationsfunktion

@book{neuberger1999online,
  title={Online—Die Zukunft der Zeitung?},
  author={Neuberger, Christoph and Tonnemacher, Jan},
  year={1999},
  publisher={Springer}
}

% Rollenbegriff

@incollection{schaefer1992grund,
year={1992},
isbn={978-3-8252-1416-6},
booktitle={Grundbegriffe der Soziologie},
series={Uni-Taschenbücher},
editor={Schäfers, Bernhard},
doi={10.1007/978-3-663-14856-2_96},
title={Soziale Rolle},
url={http://dx.doi.org/10.1007/978-3-663-14856-2\_96},
publisher={VS Verlag für Sozialwissenschaften},
keywords={Differenzierung, soziale; Interaktion; Norm, soziale; Sanktion; Soziologische Theorien (III); Status, sozialer},
author={Peuckert, Rüdiger},
pages={252-256},
language={German}
}


@incollection{geller1994rolle,
year={1994},
isbn={978-3-322-95982-9},
booktitle={Position — Rolle — Situation},
doi={10.1007/978-3-322-95981-2_3},
title={Zum Rollenbegriff},
url={http://dx.doi.org/10.1007/978-3-322-95981-2\_3},
publisher={VS Verlag für Sozialwissenschaften},
author={Geller, Helmut},
pages={75-87},
language={German}
}


%true self
@book{rogers1951client,
  title={Client-centered therapy: Its current practice, implications and theory},
  author={Rogers, Carl R},
  year={1951},
  publisher={Houghton Mifflin Boston}
}

% ideal, ought actual self
@article{higgins1987self,
  title={Self-discrepancy: a theory relating self and affect.},
  author={Higgins, E Tory},
  journal={Psychological review},
  volume={94},
  number={3},
  pages={319},
  year={1987},
  publisher={American Psychological Association}
}

% CMC Gefahren und Möglichkeiten
@book{turkle2011life,
  title={Life on the Screen},
  author={Turkle, Sherry},
  year={2011},
  publisher={Simon and Schuster}
}

% wie CMC anwenden
@article{suler1999get,
  title={To get what you need: Healthy and pathological Internet use},
  author={Suler, John R},
  journal={CyberPsychology \& Behavior},
  volume={2},
  number={5},
  pages={385--393},
  year={1999}
}

% CMC hemmungsloser
@article{kiesler1984social,
  title={Social psychological aspects of computer-mediated communication.},
  author={Kiesler, Sara and Siegel, Jane and McGuire, Timothy W},
  journal={American psychologist},
  volume={39},
  number={10},
  pages={1123},
  year={1984},
  publisher={American Psychological Association}
}
@article{siegel1986group,
  title={Group processes in computer-mediated communication},
  author={Siegel, Jane and Dubrovsky, Vitaly and Kiesler, Sara and McGuire, Timothy W},
  journal={Organizational behavior and human decision processes},
  volume={37},
  number={2},
  pages={157--187},
  year={1986},
  publisher={Elsevier}
}

% CMC schlecht wenn soziale emotionale Interaktion nötig
@article{gallupe1991unblocking,
  title={Unblocking brainstorms.},
  author={Gallupe, R Brent and Bastianutti, Lana M and Cooper, William H},
  journal={Journal of Applied Psychology},
  volume={76},
  number={1},
  pages={137},
  year={1991},
  publisher={American Psychological Association}
}

@article{straus1994does,
  title={Does the medium matter? The interaction of task type and technology on group performance and member reactions.},
  author={Straus, Susan G and McGrath, Joseph E},
  journal={Journal of applied psychology},
  volume={79},
  number={1},
  pages={87},
  year={1994},
  publisher={American Psychological Association}
}

% CMC gleichmäßiger Beitrag aller Teilnehmer

@article{mcguire1987group,
  title={Group and computer-mediated discussion effects in risk decision making.},
  author={McGuire, Timothy W and Kiesler, Sara and Siegel, Jane},
  journal={Journal of personality and social psychology},
  volume={52},
  number={5},
  pages={917},
  year={1987},
  publisher={American Psychological Association}
}

% Diversity Management führt dazu, dass man seinen Markt besser versteht

@ARTICLE {vashanti2012,
    author  = "Vashanti, P. S.",
    title   = "Diversity Management: Time for a new approach in an  organization",
    journal = "IOSR Journal of Business and Management",
    year    = "2012",
    volume  = "3",
    pages   = "44-50"
}

% Definition Diversity Mgnmt

@article{kirton2009costs,
  title={The costs and opportunities of doing diversity work in mainstream organisations},
  author={Kirton, Gill and Greene, Anne-Marie},
  journal={Human Resource Management Journal},
  volume={19},
  number={2},
  pages={159--175},
  year={2009},
  publisher={Wiley Online Library}
}

@article{triandis1994workplace,
  title={Workplace diversity.},
  author={Triandis, Harry C and Kurowski, Lois L and Gelfand, Michele J},
  year={1994},
  publisher={Consulting Psychologists Press}
}

% intelektuelle Diversität ist wichtig zu beachten
@article{lawrence1997perspective,
  title={Perspective-The Black Box of Organizational Demography},
  author={Lawrence, Barbara S},
  journal={Organization Science},
  volume={8},
  number={1},
  pages={1--22},
  year={1997},
  publisher={INFORMS}
}

% multi dimensional diversity Analysen

@article{jackson2004diversity,
  title={Diversity in social context: a multi-attribute, multilevel analysis of team diversity and sales performance},
  author={Jackson, Susan E and Joshi, Aparna},
  journal={Journal of organizational Behavior},
  volume={25},
  number={6},
  pages={675--702},
  year={2004},
  publisher={Wiley Online Library}
}

% 2,900 Verben für die semantische Analyse der Zeitungskommentare
@article{vo2009berlin,
  title={The Berlin affective word list reloaded (BAWL-R)},
  author={V{\~o}, Melissa LH and Conrad, Markus and Kuchinke, Lars and Urton, Karolina and Hofmann, Markus J and Jacobs, Arthur M},
  journal={Behavior research methods},
  volume={41},
  number={2},
  pages={534--538},
  year={2009},
  publisher={Springer}
}

@article{vo2006cross,
  title={Cross-validating the Berlin affective word list},
  author={V{\~o}, Melissa LH and Jacobs, Arthur M and Conrad, Markus},
  journal={Behavior Research Methods},
  volume={38},
  number={4},
  pages={606--609},
  year={2006},
  publisher={Springer}
}

@Misc{BAWLR,
  author = {V{\~o}, Melissa LH and Jacobs, Arthur M and Conrad, Markus},
  title = {Berlin Affective Word List - Reloaded},
  year = 2014,
  howpublished = {\url{http://www.ewi-psy.fu-berlin.de/einrichtungen/arbeitsbereiche/allgpsy/BAWL-R/index.html}},
  note = {Stand: 13-05-2014}
}


% Aufgliederung von Diversity Arktikeln. Literaturrecherche
@article{ashkanasy2002diversity,
  title={Diversity and emotion: The new frontiers in organizational behavior research},
  author={Ashkanasy, Neal M and H{\"a}rtel, Charmine EJ and Daus, Catherine S},
  journal={Journal of Management},
  volume={28},
  number={3},
  pages={307--338},
  year={2002},
  publisher={Sage Publications}
}

% luther king
@Misc{king,
author =       {King, Martin Luther Jr.},
  title =        {I Have a Dream},
  year =         {1963},
  note =         {speech, Washington, DC, August 28, 1963, Stand: 04-03-2014},
howpublished = {\url{http://www.americanrhetoric.com/speeches/mlkihaveadream.htm}},
}

@article{kirkman2013global,
  title={Global organizational communities of practice: The effects of nationality diversity, psychological safety, and media richness on community performance},
  author={Kirkman, Bradley L and Cordery, John L and Mathieu, John and Rosen, Benson and Kukenberger, Michael},
  journal={human relations},
  volume={66},
  number={3},
  pages={333--362},
  year={2013},
  publisher={Sage Publications}
}

@incollection{hofmann2013krise,
  title={Krise 2.0: Erfolgreiches Reputationsmanagement mit Social Media},
  author={Hofmann, Thorsten},
  booktitle={Handbuch Krisenmanagement},
  pages={343--357},
  year={2013},
  publisher={Springer}
}

% Online - Quellen - nicht wissenschaftlich
@online{eemueller,
  author = {Erich Ed. Müller},
  title = {Warum sollen Meinungen falsch sein?},
  year = 2014,
   howpublished = {\url{http://www.zeit.de/wissen/2014-02/wissenschaft-james-evans-forschung-computer?commentstart=9#comments}},
   note = {Stand: 09-05-2014}
}

@online{njacobsen,
  author = {Nils Jacobsen},
  title = {Mini-Börsencrash wegen AP-Twitter-Hack?},
  year = 2014,
  howpublished = {\url{http://meedia.de/2013/04/24/mini-borsencrash-wegen-ap-twitter-hack/}},
   note = {Stand: 09-05-2014}
}

@Misc{rmueller,
  author = {Roger Müller},
  title = {Rezensionen für Beiersdorf AG},
  year = 2014,
  howpublished = {\url{https://www.facebook.com/pages/Beiersdorf-AG/125373037515961?fref=ts}},
  note = {Stand: 09-05-2014}
}

% Beiersdorf Pearlfinder
@incollection{enkel2014applying,
  title={Applying Cross-Industry Networks in the Early Innovation Phase},
  author={Enkel, Ellen and Heil, Sebastian},
  booktitle={Management of the Fuzzy Front End of Innovation},
  pages={109--124},
  year={2014},
  publisher={Springer}
}

@article{gassmann2006open,
  title={Open innovation},
  author={Gassmann, Oliver and Enkel, Ellen},
  journal={zfo Wissen},
  volume={3},
  number={75},
  pages={132--138},
  year={2006},
  publisher={Chapman \& Hall}
}

% ibm freelancer

@book{stachbert,
  title={Social Media im Unternehmen--Ruhm oder Ruin},
  author={Stach, Bert},
  year={2014},
  pages={77--85},
  publisher={Springer}
}

%%%%%%%%%%%%%%%%%%%%%%%%%%%%%%%%%%%%%%%%%%%%%%%%%%%%%%%%%%%%%%%%%%%%%%%%%%
% Unterschte Zeitungsartikel
%%%%%%%%%%%%%%%%%%%%%%%%%%%%%%%%%%%%%%%%%%%%%%%%%%%%%%%%%%%%%%%%%%%%%%%%%%
@online{Wezel2014Zeit,
  author = {Wezel, Mario},
  title = {Eins von 800},
  year = 2014,
   howpublished = {\url{http://www.zeit.de/gesellschaft/familie/2014-05/down-syndrom-praenataldiagnostik-one-in-eight-hundred}},
   note = {Stand: 15-05-2014}
}

@online{Zeit2014Zeit,
  author = {Die Zeit},
  title = {16 Millionen E-Mail-Zugangsdaten gestohlen},
  year = 2014,
   howpublished = {\url{http://www.zeit.de/digital/datenschutz/2014-01/bundesamt-millionen-zugangsdaten-fuer-onlinedienste-gestohlen}},
   note = {Stand: 15-05-2014}
}


@online{Zeit-2-2014Zeit,
  author = {Die Zeit},
  title = {Schwesig fordert 32-Stunden-Woche für Eltern},
  year = 2014,
   howpublished = {\url{http://www.zeit.de/politik/deutschland/2014-01/arbeitszeit-32-stunden-woche-manuela-schwesig}},
   note = {Stand: 15-05-2014}
}



@online{Greven2014Zeit,
  author = {Greven, Ludwig},
  title = {Ein Ultimatum an Putin},
  year = 2014,
   howpublished = {\url{http://www.zeit.de/politik/ausland/2014-03/ukraine-russland-eu-gipfel-kommentar}},
   note = {Stand: 15-05-2014}
}


@online{Sadigh2014Zeit,
  author = {Sadigh, Parvin},
  title = {Kommunikation braucht ein Gesicht},
  year = 2014,
   howpublished = {\url{http://www.zeit.de/gesellschaft/schule/2014-05/burka-uni-schule-verbot}},
   note = {Stand: 15-05-2014}
}
